
@article {shiina,
author = {Shiina, Takayuki and Birge, John R.},
title = {Stochastic unit commitment problem},
journal = {International Transactions in Operational Research},
volume = {11},
number = {1},
publisher = {Blackwell Publishing},
pages = {19--32},
year = {2004},
}

@book{groewe2001,
  title={Stochastic unit commitment in hydro-thermal power production planning},
  author={Gr{\"o}we-Kuska, N. and R{\"o}misch, W.},
  year={2001},
  series = { Preprints aus dem Institut f{\"u}r Mathematik },
  publisher = { Humboldt-Universit{\"a}t zu Berlin, Institut f{\"u}r Mathematik },
}

@book{easySHARE,
	title={Stochastic unit commitment in hydro-thermal power production planning},
	author={Gr{\"o}we-Kuska, N. and R{\"o}misch, W.},
	year={2001},
	series = { Preprints aus dem Institut f{\"u}r Mathematik },
	publisher = { Humboldt-Universit{\"a}t zu Berlin, Institut f{\"u}r Mathematik },
}

@article {Livingston,
	author = {Shiina, Takayuki and Birge, John R.},
	title = {Stochastic unit commitment problem},
	journal = {International Transactions in Operational Research},
	volume = {11},
	number = {1},
	publisher = {Blackwell Publishing},
	pages = {19--32},
	year = {2004},
}